<?xml version="1.0" encoding="UTF-8"?><collection xmlns="http://www.loc.gov/MARC21/slim"><record><leader>00354nam--2200121-i-4500</leader><controlfield tag="001">000012553</controlfield><controlfield tag="002">20161230</controlfield><controlfield tag="005">20161230201029</controlfield><controlfield tag="008">060222s1000------------r-----000-0-eng-d</controlfield><datafield ind1=" " ind2=" " tag="100"><subfield code="a">Blake, Ian</subfield></datafield><datafield ind1=" " ind2=" " tag="245"><subfield code="a">Walker, bruce j</subfield></datafield><datafield ind1=" " ind2=" " tag="260"><subfield code="a">Computer Security And Protection Structures</subfield></datafield><datafield ind1=" " ind2=" " tag="490"><subfield code="a">Stroudsburg, Penn., Dowden, Hutchinson &amp; Ross, Inc., 1977. Ix + 142 P</subfield></datafield></record></collection>